@article{liget,
  title={How to Get Them a Dream Job?},
  author={Li, Jia and Arya, Dhruv and Ha-Thuc, Viet and Sinha, Shakti}
}

@inproceedings{agarwal2015personalizing,
  title={Personalizing linkedin feed},
  author={Agarwal, Deepak and Chen, Bee-Chung and He, Qi and Hua, Zhenhao and Lebanon, Guy and Ma, Yiming and Shivaswamy, Pannagadatta and Tseng, Hsiao-Ping and Yang, Jaewon and Zhang, Liang},
  booktitle={Proceedings of the 21th ACM SIGKDD International Conference on Knowledge Discovery and Data Mining},
  pages={1651--1660},
  year={2015},
  organization={ACM}
}

@inproceedings{zhang2016glmix,
  title={GLMix: Generalized Linear Mixed Models For Large-Scale Response Prediction},
  author={Zhang, XianXing and Zhou, Yitong and Ma, Yiming and Chen, Bee-Chung and Zhang, Liang and Agarwal, Deepak},
  booktitle={Proceedings of the 22nd ACM SIGKDD International Conference on Knowledge Discovery and Data Mining},
  pages={363--372},
  year={2016},
  organization={ACM}
}

@article{liu2009learning,
  title={Learning to rank for information retrieval},
  author={Liu, Tie-Yan},
  journal={Foundations and Trends in Information Retrieval},
  volume={3},
  number={3},
  pages={225--331},
  year={2009},
  publisher={Now Publishers Inc.}
}
@inproceedings{broder2003efficient,
  title={Efficient query evaluation using a two-level retrieval process},
  author={Broder, Andrei Z and Carmel, David and Herscovici, Michael and Soffer, Aya and Zien, Jason},
  booktitle={Proceedings of the twelfth international conference on Information and knowledge management},
  pages={426--434},
  year={2003},
  organization={ACM}
}
@inproceedings{goel2009predictive,
  title={Predictive indexing for fast search},
  author={Goel, Sharad and Langford, John and Strehl, Alexander L},
  booktitle={Advances in neural information processing systems},
  pages={505--512},
  year={2009}
}


@inproceedings{anh2001vector,
  title={Vector-space ranking with effective early termination},
  author={Anh, Vo Ngoc and de Kretser, Owen and Moffat, Alistair},
  booktitle={Proceedings of the 24th annual international ACM SIGIR conference on Research and development in information retrieval},
  pages={35--42},
  year={2001},
  organization={ACM}
}

@inproceedings{yan2010efficient,
  title={Efficient term proximity search with term-pair indexes},
  author={Yan, Hao and Shi, Shuming and Zhang, Fan and Suel, Torsten and Wen, Ji-Rong},
  booktitle={Proceedings of the 19th ACM international conference on Information and knowledge management},
  pages={1229--1238},
  year={2010},
  organization={ACM}
}


@inproceedings{zhang2010revisiting,
  title={Revisiting globally sorted indexes for efficient document retrieval},
  author={Zhang, Fan and Shi, Shuming and Yan, Hao and Wen, Ji-Rong},
  booktitle={Proceedings of the third ACM international conference on Web search and data mining},
  pages={371--380},
  year={2010},
  organization={ACM}
}


@article{persin1996filtered,
  title={Filtered document retrieval with frequency-sorted indexes},
  author={Persin, Michael and Zobel, Justin and Sacks-Davis, Ron},
  journal={JASIS},
  volume={47},
  number={10},
  pages={749--764},
  year={1996}
}


@inproceedings{brin2007anatomy,
  title={The anatomy of a large-scale hypertextual web search engine, 1998},
  author={Brin, Sergey and Page, Lawrence},
  booktitle={Proceedings of the Seventh World Wide Web Conference},
  year={2007}
}

@inproceedings{agarwal2012fast,
  title={Fast top-k retrieval for model based recommendation},
  author={Agarwal, Deepak and Gurevich, Maxim},
  booktitle={Proceedings of the fifth ACM international conference on Web search and data mining},
  pages={483--492},
  year={2012},
  organization={ACM}
}
@inproceedings{borisyuk2016casmos,
  title={CaSMoS: A Framework for Learning Candidate Selection Models over Structured Queries and Documents},
  author={Borisyuk, Fedor and Kenthapadi, Krishnaram and Stein, David and Zhao, Bo},
  booktitle={Proceedings of the 22nd ACM SIGKDD International Conference on Knowledge Discovery and Data Mining},
  pages={441--450},
  year={2016},
  organization={ACM}
}

@inproceedings{xia2008listwise,
  title={Listwise approach to learning to rank: theory and algorithm},
  author={Xia, Fen and Liu, Tie-Yan and Wang, Jue and Zhang, Wensheng and Li, Hang},
  booktitle={Proceedings of the 25th international conference on Machine learning},
  pages={1192--1199},
  year={2008},
  organization={ACM}
}


@inproceedings{sriram2014,
    title={Did you mean "Galene",https://engineering.linkedin.com/search/did-you-mean-galene },
    author={Sankar, Sriram},
    year={2014}
}

@book{white2012hadoop,
  title={Hadoop: The definitive guide},
  author={White, Tom},
  year={2012},
  publisher={" O'Reilly Media, Inc."}
}

@book{mccandless2010lucene,
  title={Lucene in Action: Covers Apache Lucene 3.0},
  author={McCandless, Michael and Hatcher, Erik and Gospodnetic, Otis},
  year={2010},
  publisher={Manning Publications Co.}
}

@inproceedings{XianXing2016,
    title={Building Recommender Systems using Photon ML},
    author={Zhang, XianXing and Agarwal, Deepak and Chen, Bee-Chung and Ogilvie, Paul},
    booktitle={Proceedings of the 22th ACM SIGKDD International Conference on Knowledge Discovery and Data Mining},
    year={2016},
    organization={ACM}
}

@article{meng2016mllib,
  title={Mllib: Machine learning in apache spark},
  author={Meng, Xiangrui and Bradley, Joseph and Yavuz, Burak and Sparks, Evan and Venkataraman, Shivaram and Liu, Davies and Freeman, Jeremy and Tsai, DB and Amde, Manish and Owen, Sean and others},
  journal={Journal of Machine Learning Research},
  volume={17},
  number={34},
  pages={1--7},
  year={2016}
}

@inproceedings{xu2015infrastructure,
  title={From infrastructure to culture: A/B testing challenges in large scale social networks},
  author={Xu, Ya and Chen, Nanyu and Fernandez, Addrian and Sinno, Omar and Bhasin, Anmol},
  booktitle={Proceedings of the 21th ACM SIGKDD International Conference on Knowledge Discovery and Data Mining},
  pages={2227--2236},
  year={2015},
  organization={ACM}
}

@article{metzler2007linear,
  title={Linear feature-based models for information retrieval},
  author={Metzler, Donald and Croft, W Bruce},
  journal={Information Retrieval},
  volume={10},
  number={3},
  pages={257--274},
  year={2007},
  publisher={Springer}
}



@article{aphi2004learning,
  title={Learning Boolean queries for article quality filtering},
  author={Aphinyanaphongs, Yin and Aliferis, CF},
  journal={Medinfo},
  volume={11},
  number={1},
  pages={263--267},
  year={2004},
  publisher={IOS Press}
}

@inproceedings{covington2016deep,
  title={Deep neural networks for youtube recommendations},
  author={Covington, Paul and Adams, Jay and Sargin, Emre},
  booktitle={Proceedings of the 10th ACM Conference on Recommender Systems},
  pages={191--198},
  year={2016},
  organization={ACM}
}

@article{quinlan1986induction,
  title={Induction of decision trees},
  author={Quinlan, J. Ross},
  journal={Machine learning},
  volume={1},
  number={1},
  pages={81--106},
  year={1986},
  publisher={Springer}
}

